% Encoding: UTF-8

@Misc{Schulze2017,
  author    = {Markus Schulze},
  title     = {A New Monotonic, Clone-Independent, Reversal Symmetric, and Condorcet-Consistent Single-Winner Election Method},
  month     = mar,
  year      = {2017},
  timestamp = {2018-10-20},
  url       = {http://m-schulze.9mail.de/schulze1.pdf},
}

@Comment{jabref-meta: databaseType:bibtex;}
